@article{champredon2015intrinsic,
  title={Intrinsic and realized generation intervals in infectious-disease transmission},
  author={Champredon, David and Dushoff, Jonathan},
  booktitle={Proceedings of the Royal Society of London B: Biological Sciences},
  volume={282},
  number={1821},
  year={2015},
  organization={The Royal Society}
}

@article{trapman2016inferring,
  title={Inferring R0 in emerging epidemicsâ€”the effect of common population structure is small},
  author={Trapman, Pieter and Ball, Frank and Dhersin, Jean-St{\'e}phane and Tran, Viet Chi and Wallinga, Jacco and Britton, Tom},
  journal={Journal of the Royal Society Interface},
  volume={13},
  number={121},
  year={2016},
  publisher={The Royal Society}
}

@article{wallinga2007generation,
  title={How generation intervals shape the relationship between growth rates and reproductive numbers},
  author={Wallinga, Jacco and Lipsitch, Marc},
  journal={Proceedings of the Royal Society of London B: Biological Sciences},
  volume={274},
  number={1609},
  pages={599--604},
  year={2007},
  publisher={The Royal Society}
}

@article{leskovec2016snap,
  title={2014 SNAP Datasets: Stanford Large Network Dataset Collection},
  author={Leskovec, Jure and Krevl, Andrej},
  journal={URL http://snap.stanford.edu/data}
}

@inproceedings{king2015avoidable,
  title={Avoidable errors in the modelling of outbreaks of emerging pathogens, with special reference to Ebola},
  author={King, Aaron A and de Celles, Matthieu Domenech and Magpantay, Felicia MG and Rohani, Pejman},
  booktitle={Proc. R. Soc. B},
  volume={282},
  number={1806},
  pages={20150347},
  year={2015},
  organization={The Royal Society}
}

@article{nishiura2010time,
  title={Time variations in the generation time of an infectious disease: implications for sampling to appropriately quantify transmission potential},
  author={Nishiura, Hiroshi},
  journal={Mathematical Biosciences \& Engineering},
  volume={7},
  number={4},
  pages={851--869},
  year={2010}
}

@article{kenah2008generation,
  title={Generation interval contraction and epidemic data analysis},
  author={Kenah, Eben and Lipsitch, Marc and Robins, James M},
  journal={Mathematical biosciences},
  volume={213},
  number={1},
  pages={71--79},
  year={2008},
  publisher={Elsevier}
}

@article{svensson2007note,
  title={A note on generation times in epidemic models},
  author={Svensson, Ake},
  journal={Mathematical biosciences},
  volume={208},
  number={1},
  pages={300--311},
  year={2007},
  publisher={Elsevier}
}

@article{svensson2015influence,
  title={The influence of assumptions on generation time distributions in epidemic models},
  author={Svensson, Ake},
  journal={Mathematical biosciences},
  volume={270},
  pages={81--89},
  year={2015},
  publisher={Elsevier}
}

@article{forsberg2008likelihood,
  title={A likelihood-based method for real-time estimation of the serial interval and reproductive number of an epidemic},
  author={Forsberg White, Laura and Pagano, Marcello},
  journal={Statistics in medicine},
  volume={27},
  number={16},
  pages={2999--3016},
  year={2008},
  publisher={Wiley Online Library}
}

@article{ma2014estimating,
  title={Estimating initial epidemic growth rates},
  author={Ma, Junling and Dushoff, Jonathan and Bolker, Benjamin M and Earn, David JD},
  journal={Bulletin of mathematical biology},
  volume={76},
  number={1},
  pages={245--260},
  year={2014},
  publisher={Springer}
}

@article{mills2004transmissibility,
  title={Transmissibility of 1918 pandemic influenza},
  author={Mills, Christina E and Robins, James M and Lipsitch, Marc},
  journal={Nature},
  volume={432},
  number={7019},
  pages={904},
  year={2004},
  publisher={Nature Publishing Group}
}

@article{nishiura2009transmission,
  title={Transmission potential of the new influenza A (H1N1) virus and its age-specificity in Japan},
  author={Nishiura, Hiroshi and Castillo-Chavez, Carlos and Safan, Muntaser and Chowell, Gerardo},
  journal={Eurosurveillance},
  volume={14},
  number={22},
  pages={19227},
  year={2009},
  publisher={European Centre for Disease Prevention and Control}
}